<record><leader>00000cas a22000007a 4500</leader><controlfield tag="001">10038891</controlfield><controlfield tag="008">831020d1890189uohudn ne      0    0eng d</controlfield><datafield ind1=" " ind2=" " tag="010"><subfield code="a">sn 83035567 </subfield></datafield><datafield ind1=" " ind2=" " tag="040"><subfield code="a">NPY</subfield><subfield code="b">eng</subfield><subfield code="c">NPY</subfield><subfield code="d">ONP</subfield><subfield code="d">OCLCQ</subfield></datafield><datafield ind1=" " ind2=" " tag="042"><subfield code="a">msc</subfield></datafield><datafield ind1="0" ind2=" " tag="130"><subfield code="a">Greenville daily tribune (Greenville, Ohio : 1890)</subfield></datafield><datafield ind1="1" ind2="4" tag="245"><subfield code="a">The Greenville daily tribune.</subfield></datafield><datafield ind1=" " ind2=" " tag="260"><subfield code="a">[Greenville, Ohio :</subfield><subfield code="b">S.R. Kemble]</subfield></datafield><datafield ind1=" " ind2=" " tag="300"><subfield code="a">v. ;</subfield><subfield code="c">57 cm.</subfield></datafield><datafield ind1=" " ind2=" " tag="310"><subfield code="a">Daily (except Sun.)</subfield></datafield><datafield ind1="1" ind2=" " tag="362"><subfield code="a">Began in 1890? Ceased between July 6, 1895 and Nov. 9, 1896.</subfield></datafield><datafield ind1=" " ind2=" " tag="500"><subfield code="a">"Republican." Cf. Gutgesell, S. Guide to Ohio newspapers, 1974.</subfield></datafield><datafield ind1=" " ind2=" " tag="588"><subfield code="a">Description based on: July 6, 1895.</subfield></datafield><datafield ind1=" " ind2=" " tag="752"><subfield code="a">United States</subfield><subfield code="b">Ohio</subfield><subfield code="c">Darke</subfield><subfield code="d">Greenville.</subfield></datafield><datafield ind1="0" ind2=" " tag="775"><subfield code="t">Weekly tribune (Greenville, Ohio)</subfield><subfield code="w">(DLC)sn 87076980</subfield></datafield><datafield ind1="0" ind2="0" tag="785"><subfield code="t">Daily tribune (Greenville, Ohio : 1896)</subfield><subfield code="w">(DLC)sn 83035568</subfield></datafield><datafield ind1="1" ind2=" " tag="029"><subfield code="a">AU@</subfield><subfield code="b">000025785941</subfield></datafield></record>